%% This BibTeX bibliography file was created using BibDesk.
%% http://bibdesk.sourceforge.net/


%% Created for Kevin Jin at 2017-01-31 11:52:48 -0600 


%% Saved with string encoding Unicode (UTF-8) 



@misc{S3F_website,
	Author = {Dong Jin and Yuhao Zheng and David Nicol},
	Date-Added = {2017-01-31 17:52:47 +0000},
	Date-Modified = {2017-01-31 17:52:47 +0000},
	Howpublished = {\url{https://s3f.iti.illinois.edu/}},
	Title = {{S3F/S3FNet: S}impler Scalable Simulation Framework. {University of Illinois at Urbana-Champaign}},
	Year = {2013}}

@inproceedings{OneBigSwitchAbstraction,
	Address = {New York, NY, USA},
	Author = {Kang, Nanxi and Liu, Zhenming and Rexford, Jennifer and Walker, David},
	Booktitle = {Proceedings of the Ninth ACM Conference on Emerging Networking Experiments and Technologies},
	Date-Modified = {2017-01-31 17:45:08 +0000},
	Isbn = {978-1-4503-2101-3},
	Keywords = {network virtualization, software-defined networks},
	Location = {Santa Barbara, California, USA},
	Numpages = {12},
	Pages = {13--24},
	Publisher = {ACM},
	Series = {CoNEXT '13},
	Title = {Optimizing the ``One Big Switch" Abstraction in Software-defined Networks},
	Year = {2013}}

@inproceedings{Veriflow,
	Address = {Lombard, IL},
	Author = {Ahmed Khurshid and Xuan Zou and Wenxuan Zhou and Matthew Caesar and P. Brighten Godfrey},
	Booktitle = {Proceedings of the 10th USENIX Symposium on Networked Systems Design and Implementation},
	Date-Modified = {2017-01-31 17:47:12 +0000},
	Pages = {15--27},
	Series = {NSDI'13},
	Title = {VeriFlow: Verifying Network-Wide Invariants in Real Time},
	Year = {2013}}

@misc{SplitDisjointInterval,
	Howpublished = {\url{http://stackoverflow.com/questions/4322649/range-splitting-problem}},
	Note = {Accessed: 2016-12-20},
	Title = {Range splitting problem}}

@misc{NS3,
	Howpublished = {\url{https://www.nsnam.org}},
	Note = {Accessed: 2016-12-29},
	Title = {ns-3}}

@misc{Pox,
	Howpublished = {\url{https://github.com/noxrepo/pox}},
	Note = {Accessed: 2016-12-31},
	Title = {{The POX controller}}}

@misc{OPNET,
	Date-Modified = {2017-01-31 17:37:05 +0000},
	Howpublished = {\url{https://www.youtube.com/watch?v=MPpu8blePfc}},
	Note = {Accessed: 2016-12-29},
	Title = {SOFTWARE DEFINED NETWORK {OPNET} SIMULATION {SDN}}}

@misc{FindIntersectionWiki,
	Howpublished = {\url{https://en.wikipedia.org/wiki/Interval_tree#With_an_interval}},
	Note = {Accessed: 2016-12-20},
	Title = {Interval tree}}

@misc{Estinet,
	Howpublished = {\url{http://www.estinet.com/}},
	Note = {Accessed: 2016-12-31},
	Title = {EstiNet}}

@article{ComputationalGeometryBook,
	Author = {de Berg, Mark and Cheong, Otfried and van Kreveld, Marc and Overmars, Mark},
	Chapter = 10,
	Date-Modified = {2017-01-31 17:40:44 +0000},
	Editor = {Jan Fagerberg and David C. Mowery and Richard R. Nelson},
	Journal = {Computational Geometry},
	Pages = {220--226},
	Publisher = {Springer-Verlag},
	Title = {Interval tree},
	Year = 2008}

@inproceedings{B4,
	Author = {Jain, Sushant and Kumar, Alok and Mandal, Subhasree and Ong, Joon and Poutievski, Leon and Singh, Arjun and Venkata, Subbaiah and Wanderer, Jim and Zhou, Junlan and Zhu, Min and Zolla, Jon and H\"{o}lzle, Urs and Stuart, Stephen and Vahdat, Amin},
	Booktitle = {Proceedings of ACM SIGCOMM},
	Date-Modified = {2017-01-31 17:44:09 +0000},
	Location = {Hong Kong, China},
	Numpages = {12},
	Pages = {3--14},
	Title = {B4: Experience with a Globally-deployed Software Defined Wan},
	Year = {2013}}

@inproceedings{S3F,
	Author = {Nicol, David M. and Jin, Dong and Zheng, Yuhao},
	Booktitle = {Proceedings of the Winter Simulation Conference (WSC)},
	Date-Modified = {2017-01-31 17:46:31 +0000},
	Location = {Phoenix, Arizona},
	Numpages = {12},
	Pages = {3288--3299},
	Title = {{S3F}: The Scalable Simulation Framework Revisited},
	Year = {2011}}

@inproceedings{Mininet,
	Address = {New York, NY, USA},
	Author = {Handigol, Nikhil and Heller, Brandon and Jeyakumar, Vimalkumar and Lantz, Bob and McKeown, Nick},
	Booktitle = {Proceedings of the 8th International Conference on Emerging Networking Experiments and Technologies},
	Location = {Nice, France},
	Numpages = {12},
	Pages = {253--264},
	Publisher = {ACM},
	Series = {CoNEXT '12},
	Title = {Reproducible Network Experiments Using Container-based Emulation},
	Year = {2012}}

@article{Meridian,
	Author = {M. Banikazemi and D. Olshefski and A. Shaikh and J. Tracey and G. Wang},
	Date-Modified = {2017-01-31 17:37:28 +0000},
	Journal = {IEEE Communications Magazine},
	Month = {February},
	Number = {2},
	Pages = {120-127},
	Title = {Meridian: an {SDN} platform for cloud network services},
	Volume = {51},
	Year = {2013}}

@inproceedings{SDX,
	Author = {Gupta, Arpit and Vanbever, Laurent and Shahbaz, Muhammad and Donovan, Sean P. and Schlinker, Brandon and Feamster, Nick and Rexford, Jennifer and Shenker, Scott and Clark, Russ and Katz-Bassett, Ethan},
	Booktitle = {Proceedings of ACM SIGCOMM},
	Date-Modified = {2017-01-31 17:43:09 +0000},
	Isbn = {978-1-4503-2836-4},
	Keywords = {BGP, internet exchange point (IXP), software defined networking (SDN)},
	Location = {Chicago, Illinois, USA},
	Numpages = {12},
	Pages = {551--562},
	Title = {{SDX: A} Software Defined Internet Exchange},
	Year = {2014}}

@inproceedings{FSSDN,
	Address = {New York, NY, USA},
	Author = {Gupta, Mukta and Sommers, Joel and Barford, Paul},
	Booktitle = {Proceedings of the Second ACM SIGCOMM Workshop on Hot Topics in Software Defined Networking},
	Location = {Hong Kong, China},
	Numpages = {6},
	Pages = {31--36},
	Publisher = {ACM},
	Series = {HotSDN '13},
	Title = {Fast, Accurate Simulation for SDN Prototyping},
	Year = {2013}}

@inproceedings{OpenNet,
	Author = {M. C. Chan and C. Chen and J. X. Huang and T. Kuo and L. H. Yen and C. C. Tseng},
	Booktitle = {Proceedings of the 2014 IEEE Wireless Communications and Networking Conference (WCNC)},
	Date-Modified = {2017-01-31 17:38:33 +0000},
	Issn = {1525-3511},
	Month = {April},
	Pages = {3332-3336},
	Title = {{OpenNet: A} simulator for software-defined wireless local area network},
	Year = {2014}}
